@inproceedings{lindner,
    author = "Marcus Lindner and Jorge Aparicio and Henrik Tj√§der and Per Lindgren and Johan Eriksson",
    title = "Hardware-in-the-loop based WCET analysis with KLEE",
    year = {2018},
    month = {09},
    pages = {345-352},
    DOI = {10.1109/ETFA.2018.8502510}
}
@online{rticwebsite,
    author = "RTIC",
    title = "RTIC Homepage",
    url  = "https://rtic.rs",
    addendum = "(accessed: 08.01.2021)",
}
@online{kleewebsite,
    author = "KLEE",
    title = "KLEE Homepage",
    url  = "https://klee.github.io/",
    addendum = "(accessed: 08.01.2021)",
}
@article{srp,
    author = "Baker T. P.",
    title = "A Stack-Based Resource Allocation Policy for Realtime Processes",
    year = "1990",
    doi= "10.1109/REAL.1990.128747"
}
